
@book{cohen1988,
  title={Statistical power analysis for the behavioral sciences},
  author={Cohen, Jacob},
  year={1988},
  publisher={Lawrence Erlbaum Associates}
}

@article{franco2022,
  title={Expectativas, Incerteza Econ{\^o}mica e Sentimento},
  author={Franco, Douglas de Medeiros},
  journal={Revista de Administra{\c{c}}{\~a}o Contempor{\^a}nea},
  volume={26},
  year={2022},
  publisher={SciELO Brasil},
  url = {https://rac.anpad.org.br/index.php/rac/article/view/1524/1767}
}

@article{jurado2015,
  title={Measuring uncertainty},
  author={Jurado, Kyle and Ludvigson, Sydney C and Ng, Serena},
  journal={American Economic Review},
  volume={105},
  number={3},
  pages={1177--1216},
  year={2015}
}

@article{baker2016,
  title={Measuring economic policy uncertainty},
  author={Baker, Scott R and Bloom, Nicholas and Davis, Steven J},
  journal={The quarterly journal of economics},
  volume={131},
  number={4},
  pages={1593--1636},
  year={2016},
  publisher={Oxford University Press}
}