
@book{r4ds,
	title = {R for data science},
	subtitle = {import, tidy, transform, visualize, and model data},
	author = {WICKHAM, Hadley; Ã‡ETINKAYA-RUNDEL, Mine; GROLEMUND, Garrett.},
	edition = {2nd. ed.},
	year = {2023},
	publisher = {O'Reilly Media, Inc},
	url = {https://r4ds.hadley.nz}
}

@book{brooks4e,
  title = {Introductory econometrics for finance},
  author = {Brooks, Chris},
  edition = {4},
  year = {2019},
  publisher = {Cambridge university press}
}

@book{islr2,
	title = {An Introduction to Statistical Learning},
	subtitle = {With Applications in R},
	author = {JAMES, Gareth; HASTIE, Trevor; TIBSHIRANI, Robert; WITTEN, Daniela},
	edition = {2},
	year = {2021},
	publisher = {New York Springer},
	url = {https://www.statlearning.com/}
}


@article{harkness2021p01,
  title = {The history of the data economy: Part I: The birth of customer insight},
  author = {Harkness, Timandra},
  journal = {Significance},
  volume = {18},
  number = {2},
  pages = {12--15},
  year = {2021},
  publisher = {Wiley Online Library},
  doi = {10.1111/1740-9713.01504}
}


@article{harkness2021p02,
  title = {The history of the data economy: Part II: Analytics arrives},
  author = {Harkness, Timandra},
  journal = {Significance},
  volume = {18},
  number = {4},
  pages = {16--19},
  year = {2021},
  publisher = {Wiley Online Library},
  doi = {10.1111/1740-9713.01547}
}


@article{harkness2021p03,
  title = {The history of the data economy: Part III: The new kings and queens of data},
  author = {Harkness, Timandra},
  journal = {Significance},
  volume = {18},
  number = {5},
  pages = {16--19},
  year = {2021},
  publisher = {Wiley Online Library},
  doi = {10.1111/1740-9713.01567}
}


@article{harkness2021p04,
  title = {The history of the data economy: Part IV: The future},
  author = {Harkness, Timandra},
  journal = {Significance},
  volume = {18},
  number = {6},
  pages = {12--15},
  year = {2021},
  publisher = {Wiley Online Library},
  doi = {10.1111/1740-9713.01586}
}




