
@article{herrmann2008,
  title={Antisocial punishment across societies},
  author={Herrmann, Benedikt and Thoni, Christian and Gachter, Simon},
  journal={Science},
  volume={319},
  number={5868},
  pages={1362--1367},
  year={2008},
  publisher={American Association for the Advancement of Science}
}

