
@article{sharpe1964,
  title = {Capital asset prices: A theory of market equilibrium under conditions of risk},
  author = {Sharpe, William F},
  journal = {The Journal of Finance},
  volume = {19},
  number = {3},
  pages = {425--442},
  year = {1964},
  publisher = {Wiley Online Library}
}

@manual{zeileis2008,
  title = {dynlm: Dynamic Linear Regression},
  author = {Achim Zeileis},
  year = {2019},
  note = {R package version 0.3-6},
  url = {https://CRAN.R-project.org/package=dynlm},
  }

