
@article{maia2018,
  title={Climate change and agriculture: do environmental preservation and ecosystem services matter?},
  author={Maia, Alexandre Gori and Miyamoto, Bruno C{\'e}sar Brito and Garcia, Junior Ruiz},
  journal={Ecological Economics},
  volume={152},
  pages={27--39},
  year={2018}
}

@article{munnell,
  title={Mortgage lending in Boston: Interpreting HMDA data},
  author={Munnell, Alicia H and Tootell, Geoffrey MB and Browne, Lynn E and McEneaney, James},
  journal={The American Economic Review},
  pages={25--53},
  year={1996},
  publisher={JSTOR}
}

