@book{r4ds,
	title = {R for data science},
	subtitle = {import, tidy, transform, visualize, and model data},
	author = {WICKHAM, Hadley; GROLEMUND, Garrett.},
	year = {2017},
	publisher = {O'Reilly Media, Inc},
	url = {https://r4ds.had.co.nz/}
}

@book{brooks4e,
  title = {Introductory econometrics for finance},
  author = {Brooks, Chris},
  edition = {4},
  year = {2019},
  publisher = {Cambridge university press}
}


@book{islr,
	title = {An Introduction to Statistical Learning},
	subtitle = {With Applications in R},
	author = {JAMES, Gareth; HASTIE, Trevor; TIBSHIRANI, Robert; WITTEN, Daniela},
	year = {2014},
	publisher = {Springer},
	url = {https://www.statlearning.com/}
}








